<record><leader>00000cas a22000007a 4500</leader><controlfield tag="001">20841925</controlfield><controlfield tag="008">900103d19251989mouwr ne      0    0eng d</controlfield><datafield ind1=" " ind2=" " tag="010"><subfield code="a">sn 89067581 </subfield></datafield><datafield ind1=" " ind2=" " tag="040"><subfield code="a">MQN</subfield><subfield code="b">eng</subfield><subfield code="c">MQN</subfield><subfield code="d">OCLCQ</subfield></datafield><datafield ind1="0" ind2=" " tag="130"><subfield code="a">Stanberry headlight (Stanberry, Mo. : 1925)</subfield></datafield><datafield ind1="1" ind2="4" tag="245"><subfield code="a">The Stanberry headlight.</subfield></datafield><datafield ind1=" " ind2=" " tag="260"><subfield code="a">Stanberry, Gentry County, Mo. :</subfield><subfield code="b">Jack Stapleton</subfield></datafield><datafield ind1=" " ind2=" " tag="300"><subfield code="a">v.</subfield></datafield><datafield ind1=" " ind2=" " tag="310"><subfield code="a">Weekly</subfield></datafield><datafield ind1="1" ind2=" " tag="362"><subfield code="a">Began in 1925?</subfield></datafield><datafield ind1="0" ind2=" " tag="362"><subfield code="a">-v. 87, no. 37 (Oct. 26, 1989).</subfield></datafield><datafield ind1=" " ind2=" " tag="500"><subfield code="a">On masthead: The Owl-headlight and the Stanberry herald consolidated, &lt;Feb. 4, 1926&gt;-Mar. 11, 1926.</subfield></datafield><datafield ind1=" " ind2=" " tag="588"><subfield code="a">Description based on: Vol. 26, no. 48 (Feb. 4, 1926).</subfield></datafield><datafield ind1=" " ind2=" " tag="752"><subfield code="a">United States</subfield><subfield code="b">Missouri</subfield><subfield code="c">Gentry</subfield><subfield code="d">Stanberry.</subfield></datafield><datafield ind1="0" ind2="4" tag="780"><subfield code="a">Owl-headlight</subfield><subfield code="w">(DLC)sn 86063982</subfield></datafield><datafield ind1="0" ind2="4" tag="780"><subfield code="t">Stanberry herald</subfield><subfield code="w">(DLC)sn 89067583</subfield></datafield><datafield ind1="0" ind2="7" tag="785"><subfield code="t">Albany ledger</subfield><subfield code="w">(DLC)sn 86053771</subfield></datafield><datafield ind1="0" ind2="7" tag="785"><subfield code="t">Ledger-headlight</subfield><subfield code="w">(DLC)sn 89067582</subfield></datafield></record>